% Bibliography file
% Add references here in BibTeX format

% Example entry:
% @article{paczynski1986,
%   author = {Paczynski, B.},
%   title = {Gravitational microlensing by the galactic halo},
%   journal = {The Astrophysical Journal},
%   volume = {304},
%   pages = {1--5},
%   year = {1986},
%   doi = {10.1086/164140}
% }
